<?xml version="1.0" encoding="UTF-8"?><collection xmlns="http://www.loc.gov/MARC21/slim"><record><leader>00380nam--2200145-i-4500</leader><controlfield tag="001">000008880</controlfield><controlfield tag="002">20161230</controlfield><controlfield tag="005">20161230201028</controlfield><controlfield tag="008">060222s1000------------r-----000-0-eng-d</controlfield><datafield ind1=" " ind2=" " tag="080"><subfield code="a">539.18/19</subfield></datafield><datafield ind1=" " ind2=" " tag="245"><subfield code="a">Correlation effects in atoms and molecules</subfield></datafield><datafield ind1=" " ind2=" " tag="260"><subfield code="a">London, 1969 X + 545 P</subfield></datafield><datafield ind1=" " ind2=" " tag="490"><subfield code="a">Advances In Chemical Physics</subfield></datafield><datafield ind1=" " ind2=" " tag="700"><subfield code="a">Lefebvre R. And C.Moser</subfield></datafield><datafield ind1=" " ind2=" " tag="852"><subfield code="a">13631</subfield></datafield></record></collection>